<record><leader>00000cas a22000007a 4500</leader><controlfield tag="001">55529575</controlfield><controlfield tag="008">040602c200u9999ohuwx n       0   a0eng c</controlfield><datafield ind1=" " ind2=" " tag="010"><subfield code="a">  2004214728</subfield></datafield><datafield ind1=" " ind2=" " tag="040"><subfield code="a">NSD</subfield><subfield code="b">eng</subfield><subfield code="c">NSD</subfield><subfield code="d">OCLCQ</subfield></datafield><datafield ind1=" " ind2=" " tag="012"><subfield code="m">y</subfield></datafield><datafield ind1="1" ind2=" " tag="022"><subfield code="a">1550-6894</subfield><subfield code="l">1550-6894</subfield><subfield code="y">1536-5883</subfield><subfield code="2">1</subfield></datafield><datafield ind1=" " ind2=" " tag="032"><subfield code="a">016359</subfield><subfield code="b">USPS</subfield></datafield><datafield ind1=" " ind2=" " tag="042"><subfield code="a">nsdp</subfield><subfield code="a">pcc</subfield></datafield><datafield ind1="1" ind2="0" tag="050"><subfield code="a">ISSN RECORD</subfield></datafield><datafield ind1=" " ind2="0" tag="222"><subfield code="a">Valley courier, valley sports journal</subfield></datafield><datafield ind1="0" ind2="0" tag="245"><subfield code="a">Valley courier, valley sports journal.</subfield></datafield><datafield ind1="3" ind2=" " tag="246"><subfield code="a">Valley courier, the valley sports journal</subfield></datafield><datafield ind1="3" ind2="0" tag="246"><subfield code="a">Valley courier</subfield></datafield><datafield ind1=" " ind2=" " tag="260"><subfield code="a">Reading, OH :</subfield><subfield code="b">MLK Pub.</subfield></datafield><datafield ind1=" " ind2=" " tag="300"><subfield code="a">v.</subfield></datafield><datafield ind1=" " ind2=" " tag="310"><subfield code="a">Fifty-one no. a year</subfield></datafield><datafield ind1=" " ind2=" " tag="588"><subfield code="a">Description based on surrogate of: Vol. 22, no. 5 (Wednesday, Apr. 21, 2004); title from masthead.</subfield></datafield><datafield ind1=" " ind2=" " tag="752"><subfield code="a">United States</subfield><subfield code="b">Ohio</subfield><subfield code="c">Hamilton</subfield><subfield code="d">Reading.</subfield></datafield><datafield ind1="0" ind2="0" tag="780"><subfield code="t">Valley courier suburban week</subfield><subfield code="x">1536-5883</subfield><subfield code="w">(DLC)  2001215190</subfield><subfield code="w">(OCoLC)47749185</subfield></datafield></record>